@COMMENT IEEE citation format
@COMMENT [#] A. A. Author, Title: Subtitle (in italics), Edition(if not the first), Vol.(if a multivolume work). Place of publication: Publisher, Year, page number(s) (if appropriate).

@book{Webster,
	author = {John G. Webster},
	title = {The Measurement, Instrumentation and Sensors Handbook},
	year = {1999},
	publisher = {CRC Press LLC},
	address = {2000 Corporate Blvd.\, N.W. Boca Raton\, Florida 33431},
	pages = {32-116}
	}
	
@book{,
	author = {},
	title = {},
	year = {},
	publisher = {},
	address = {},
	pages = {}
	}
	
@article{Dey,
	author = {Ananya Dey},
	title = {Semiconductor metal oxide gas sensors: A review},
	year = {2018},
	address = {NMIMS Mukesh Patel School of Technology Management & Engineering, Mumbai, India},
	}
	
@book{Catalano,
	author = {Shannan Catalano},
	authortitle = {Ph.D.},
	title = {Bureau of Justice Statistics\, Special Report\, National Crime Victimization Survey},
	subtitle = {Victimization During Household Burglary\, NCJ 227379},
	year = {2010},
	month = {September},
	publisher = {U.S. Department of Justice Office of Justice Programs},
	address = {810 Seventh Street NW\, 2nd Floor\, Washington DC 20531},
	url = "https://www.bjs.gov/content/pub/ascii/vdhb.txt"
	}
@article{Digi,
	author = {Digi International},
	title = {XBee S2C/S2c-PRO manufacturer data sheet}
	url = {https://www.digi.com/pdf/ds_xbee-s2c-802-15-4.pdf}
}